@article{ChengTongShunHuYue2010,
  title = {{对外政策的文化道具{\textemdash}{\textemdash}浅析文明冲突论的工具性}},
  author = {{程同顺} and {胡悦}},
  year = {2010},
  journal = {学习论坛},
  volume = {26},
  number = {02},
  pages = {33--37},
  issn = {1003-7608},
  abstract = {从文明冲突论的理论内核、理论构建的方法及其与美国对外政策的一致性等三个方面可以看出,文明冲突论并非严格意义上的"真正的理论",只是一种工具性理论。但是作为一种工具性理论,文明冲突论却对美国自"冷战"结束以来的对外政策发挥着重要的影响作用。中国作为一个具有5000多年文明史的国家,有着丰厚的文化资源,在对外政策方面应该建立自己的文化理论。},
  langid = {chinese},
  keywords = {对外政策,工具性理论,文化,文明冲突论},
  timestamp = {2021-02-02T05:06:02Z},
  file = {D:\zotero_system\storage\64W8B97W\程同顺_胡悦2010_对外政策的文化道具——浅析文明冲突论的工具性.pdf}
}

@article{HuYue2009,
  title = {{从政治科学角度分析人民政协的政治定位}},
  author = {{胡悦}},
  year = {2009},
  journal = {天津市社会主义学院学报},
  number = {01},
  pages = {19--23},
  issn = {1672-4089},
  abstract = {中国共产党领导的多党合作和政治协商制度,是中国特色政治民主体制的重要组成部分和代表性特点之一。随着中国政治体制的不断完善和政治民主进程的不断演进,坚持中国共产党领导的多党合作和政治协商制度,搞好新时期、新环境下的统一战线工作,发挥人民政协在保证社会稳定、支持国家建设当中的重要作用,成为当前中国的重要政治任务之一;而对中国特色的人民政协制度理论研究则是保证中国特色政协体制顺利进行,正确发展的重要基础和前提。本文旨在运用以分析性方法(Analytic Approach)为主要途径,结合组织理论和政府过程理论,对于"政协体制在中国政治系统中的定位"这一核心问题进行政治学意义上的定性研究。},
  langid = {chinese},
  keywords = {定位,权力,职能},
  timestamp = {2021-02-02T05:06:04Z},
  file = {D:\zotero_system\storage\8QFKAHX7\胡悦2009_从政治科学角度分析人民政协的政治定位.pdf}
}

@article{HuYue2021,
  title = {{实验室实验：政治科学研究的一种有效方法?}},
  author = {{胡悦}},
  year = {2021},
  journal = {国外理论动态},
  number = {06},
  pages = {160--171},
  issn = {1674-1277},
  url = {https://kns.cnki.net/kcms/detail/detail.aspx?dbcode=CJFD&dbname=CJFDAUTO&filename=GWLD202106020&uniplatform=NZKPT&v=PJYfzUdELnpV-fTfaz1qhlzXK-PBjlfPmQ9ieLN3AwtLHnQA7zFItljLs4eCH3va},
  urldate = {2022-01-19},
  abstract = {目前,因果推断已成为政治科学研究的重要发展方向。在开展因果推断的各类方法中,实验室实验又以其设计严格遵循因果逻辑而被誉为因果推断的"理想模式"。本文系统阐释了实验室实验的设计规范和实施逻辑,展现了这一方法在政治经济学、政治心理学、政治行为学等领域的应用模式和亮点,并讨论了实验室实验方法的研究效度"内高外低"这一常见认识的片面性。本文指出,基于科学研究方法的效度理论,实验室实验设计可以实现内部效度和外部效度"双高",并进一步讨论了达到这一目标所需遵循的设计要求和技术条件。本文还结合中国政治学研究的实际指出该方法在推进中国学术界在政治行为、政治认知等方面的研究潜力,并阐明了它与前沿数据科学和大数据...},
  langid = {chinese},
  keywords = {内部效度,因果推断,外部效度,实验政治学,生态效度},
  file = {D:\zotero_system\storage\ANTA7SEU\胡悦2021_实验室实验：政治科学研究的一种有效方法.pdf}
}

@article{HuYue2023,
  title = {{如何理解新时代政治学研究方法的开创性}},
  author = {{胡悦}},
  year = {2023},
  month = sep,
  journal = {光明网},
  url = {https://share.gmw.cn/www/xueshu/2023-09/05/content_36811915.htm},
  urldate = {2023-09-05},
  chapter = {学术频道},
  langid = {chinese},
  file = {D:\zotero_system\storage\5WA2JQNT\content_36811915.html}
}

@article{HuYueOuYangRui2023,
  title = {{软实力与硬实力关系研究{\textemdash}{\textemdash}基于网络分析的实证研究}},
  author = {{胡悦} and {欧阳睿}},
  year = {2023},
  journal = {世界经济与政治},
  number = {7},
  pages = {27-50+156-157},
  issn = {1006-9550},
  url = {https://kns.cnki.net/kcms2/article/abstract?v=3Nyamzb2at7hMYG3SmAlpyloW_NvfOwUh9LY2lRJ__vjQNsnjfyhQ46p-qemiwl1eWEBgwkGUioPM8FzYW39JcoHDyGqMWXCGoV4yV0-3tVUS_0RROxt0g==&uniplatform=NZKPT},
  urldate = {2023-08-14},
  abstract = {软实力的概念从界定到实践已有20多年，该概念以各种形式被纳入各国的发展战略。相较于实践层面的应用，学界对软实力与硬实力间存在何种关系这一基础性问题的理论解释和实证研究尚处于止步不前的状态，这在一定程度上影响了人们对国家间掺入了软实力变量而进行博弈的国际关系格局的掌握，也防碍了对软实力与硬实力发展规律的把握。为回应既有研究不足，作者梳理了经典权力理论和软实力理论的发展与进展，并从中归纳出存在于软实力与硬实力间的三种一般性关系，即软实力直接强化硬实力、软实力间接强化硬实力以及软实力弱化硬实力。针对这些可能存在的因果关系，作者采取政府间国际组织网络的测量方法并以1945{\textemdash}2005年的跨国纵贯数据为基础对假说进行了检验。研究发现，软实力并未如一些理论家所预期的那样对硬实力产生简单的促进作用。软实力和硬实力是驱动一国对外关系往不同方向发展的两种力量。软实力的增强形成了对硬实力的替代作用，也挑战了现有``巧实力''理论对软实力与硬实力正向关系理论的效度，这种关系在稳健性检验中保持了稳定。调节效应模型检验发现，提高软实力对经济因素转化为硬实力具有负向作用，却有助于提升军事因素向硬实力的转化效率。},
  langid = {chinese},
  keywords = {intergovernmental organizations,network analysis,power,soft-hard power relationship,政府间国际组织 soft power,权力理论,网络分析,软实力,软实力与硬实力关系},
  file = {D:\zotero_system\storage\PIVM25JU\胡悦_欧阳睿2023_软实力与硬实力关系研究——基于网络分析的实证研究.pdf}
}

@article{HuYueZhuMeng2022,
  title = {{以语塑心与国民治理：外语习得对政治认知能力的塑造机制研究}},
  author = {{胡悦} and {朱萌}},
  year = {2022},
  journal = {治理研究},
  volume = {38},
  number = {04},
  pages = {51-65+125},
  issn = {1007-9092},
  doi = {10.15944/j.cnki.33-1010/d.2022.04.007},
  urldate = {2022-07-27},
  abstract = {掌握外语的人口增加是现代化发展在个体层面的重要特征，也是一国站稳国际舞台、引领世界潮流的重要前提。然而，现有研究多聚焦外语的对外功能和教育手段，对内功用尤其是社会政治功用和治理价值却不甚明了。``语言政策场域''理论结合语言治理和语言政治学逻辑填补此方面空白，指出外语习得对国民政治能力（特别是以政治效能感为代表的政治感知能力）的提升效果以及四种作用机制。基于全国代表性样本的实证分析支持了该理论的效果和机制假设。实证研究表明，中国国民外语（英语）水平对其政治认知能力具有显著促进作用。在机制上，外语习得通过信息获取进路上提升内部政治效能感作用最明显，而语言竞争优势则是影响外部效能感的主导路径。与此同时，价值西化路径并未对国民政治认知造成明显改变。据此，外语习得对于国民政治能力塑造功能更偏向素质性，而非价值性。对于语言政策场域理论的系统探讨和实证检验推进了对宏观语言政策微观治理逻辑的理解，为``语言-思维''关系这一经典议题提供新思路和新证据，同时对于像中国这样外语人口日益庞大的现代国家治理也具有重要现实意义，为我国改革语言政策和治理体系、提升国家能力、推动国家治理现代化提供理论借鉴和实证参考。},
  langid = {zh\_CN},
  keywords = {language governance,National capacity of governance,policy field,political capacity,political efficacy,second-language acquisition(SLA),国家治理能力,外语习得,政治效能感,政治能力,政策场域,语言治理},
  file = {D:\zotero_system\storage\Y5FW7H6J\胡悦_朱萌2022_以语塑心与国民治理：外语习得对政治认知能力的塑造机制研究.pdf}
}

@article{HuYueZhuYuZhao2011,
  title = {{``问题与主义''导向之争{\textemdash}{\textemdash}西方比较政治学沿革及其借鉴意义}},
  author = {{胡悦} and {朱毓朝}},
  year = {2011},
  journal = {天津社会科学},
  number = {03},
  pages = {46--50},
  issn = {1002-3976},
  url = {https://gb.global.cnki.net/KCMS/detail/detail.aspx?dbcode=CJFQ&dbname=CJFD2011&filename=TJSK201103008&v=MjcxODFTZllaYkc0SDlETXJJOUZiSVI4ZVgxTHV4WVM3RGgxVDNxVHJXTTFGckNVUjd1ZllPWm1GeTdnVXJyUE0=},
  urldate = {2021-07-09},
  abstract = {比较政治研究是现今政治学研究最为活跃的领域之一,因其研究内容直接涉及具体的政治决策、实施及反馈过程,从而具有了理论和实践的双重意义。西方比较政治学呈现一种由"主义导向"到"问题导向"的发展趋势,基于对这种趋势的认识,中国比较政治研究应选择"问题导向"的研究策略。中国比较政治研究本土化是个漫长而复杂的过程,一旦选择了适合的导向,即可通过借鉴西方比较政治研究成果加快这一进程。},
  langid = {chinese},
  keywords = {中国化,主义,发展议题,方法论,问题},
  file = {D:\zotero_system\storage\LYCZBFRH\胡悦_朱毓朝2011_“问题与主义”导向之争——西方比较政治学沿革及其借鉴意义.pdf}
}

@article{JiChengYuanHuYue2022,
  title = {经济发展与纵向获得感},
  author = {{季程远} and {胡悦}},
  year = {2022},
  month = apr,
  journal = {公共行政评论},
  volume = {86},
  number = {2},
  pages = {4--21},
  url = {https://kns.cnki.net/kcms/detail/detail.aspx?dbcode=CJFD&dbname=CJFDAUTO&filename=GGXZ202202002&uniplatform=NZKPT&v=R76_-ql-P_77RZln_g1QjMm02gF0LqwC63ZVxRYHSF6sG90GS4HlzVfAqjcIztC0},
  file = {D:\zotero_system\storage\GFQY779G\季程远_胡悦2022_经济发展与纵向获得感.pdf}
}
