@inproceedings{GaoHu2024,
  title = {First-Generation Chinese Americans' Support of the Republican Party},
  author = {Gao, Gengsong and Hu, Yue},
  date = {2024-09-06},
  location = {Philadelphia, PA},
  eventtitle = {The 120th APSA Annual Meeting},
  langid = {english}
}

@inproceedings{Hu2018b,
  title = {Rebuilding the Tower of Babel? The Influence of Language Policy on Political Trust},
  author = {Hu, Yue},
  date = {2018-04},
  location = {Chicago, IL.},
  urldate = {2019-08-08},
  eventtitle = {The 76th Midwest Political Science Association (MPSA) Annual Convention},
  langid = {american},
  timestamp = {2020-04-22T06:48:46Z}
}

@inproceedings{Hu2019a,
  title = {How Does Governmental Policy Shape Migration Decisions?},
  author = {Hu, Yue},
  date = {2019-08-26},
  location = {Beijing},
  eventtitle = {2019 International Conference of Social Computing},
  langid = {american}
}

@inproceedings{Hu2021a,
  title = {Linguistic relativity of political trust: effects and mechanisms},
  author = {Hu, Yue},
  date = {2021-07-12},
  publisher = {Universidade NOVA de Lisboa},
  location = {Zoom},
  eventtitle = {The 26th International Political Science Association},
  langid = {chinese}
}

@inproceedings{Hu2023,
  title = {Linguistic Relativity of Political Trust: Effects and Mechanisms},
  author = {Hu, Yue},
  date = {2023-09-01},
  location = {Los Angeles, California},
  eventtitle = {119th American Political Science Association's (APSA) 2023 Annual Meeting and Exhibition},
  langid = {american}
}

@inproceedings{Hu2023a,
  title = {Active Audience of Memory: How Past Collective Wins Change Present Political Judgements},
  author = {Hu, Yue},
  date = {2023-04-13},
  location = {Chicago, IL.},
  eventtitle = {The 80th Midwest Political Scinece Association},
  langid = {american}
}

@inproceedings{Hu2023b,
  title = {Identity, Inequality, and Preference: The Cognitive Path from Macroeconomy to Micropolitics},
  author = {Hu, Yue},
  date = {2023-04-16},
  location = {Chicago, IL.},
  eventtitle = {The 80th Midwest Political Scinece Association},
  langid = {american}
}

@inproceedings{HuEtAl2021a,
  title = {Diverse loyalty: psychological paths of mass response to political news},
  author = {Hu, Yue and Sun, Yuefei and Su, Yu-Sung},
  date = {2021-05-12},
  publisher = {中国传媒大学},
  location = {北京},
  eventtitle = {第四届中国政治传播研究学术论坛},
  langid = {chinese}
}

@inproceedings{HuEtAl2021b,
  title = {Resistance and Resilience: A Case of Confucius Institutes},
  author = {Hu, Yue and Sun, Yufei and Lien, Donald},
  date = {2021-01-07},
  location = {Virtual},
  eventtitle = {The 92nd Southern Political Science Association Annual Confernece},
  langid = {american}
}

@inproceedings{HuEtAl2022b,
  title = {Resisting National Image Building: The Motivators and Consequences of Confucius Institute Closures in the U.S.},
  author = {Hu, Yue and Sun, Yufei and Lien, Donald},
  date = {2022},
  location = {San Antonio}
}

@inproceedings{HuEtAl2023,
  title = {Identity Politics in Chinese Courts: A Psychological View},
  author = {Hu, Yue and Shu, Yi and Yu, Xiaohong},
  date = {2023-04-14},
  location = {Chicago, IL.},
  eventtitle = {The 80th Midwest Political Scinece Association},
  langid = {american}
}

@inproceedings{HuEtAl2023b,
  title = {Beyond Righteousness: Experimental Evidence on Extrinsic Motivation in Public Service Co-Production},
  author = {Hu, Yue and Chen, Ziyi and Sun, Yufei},
  date = {2023-06-28},
  location = {Utrecht, Netherlands},
  eventtitle = {Public Management Research Association (PMRA) Conference}
}

@inproceedings{HuEtAl2023c,
  title = {Beyond Righteousness: Experimental Evidence on Extrinsic Motivation in Public Service Co-Production},
  author = {Hu, Yue and Chen, Ziyi and Sun, Yufei},
  date = {2023-07-22},
  location = {Online Conference},
  eventtitle = {Public Service Motivation (PSM) Research in Comparative Contexts}
}

@inproceedings{HuEtAl2023d,
  title = {Beyond Righteousness: Experimental Evidence on Extrinsic Motivation in Public Service Co-Production},
  author = {Hu, Yue and Chen, Ziyi and Sun, Yufei},
  date = {2023-09-03},
  location = {Los Angeles, California, USA},
  eventtitle = {Annual Meeting of the American Political Science Association (APSA)}
}

@inproceedings{HuEtAl2024,
  title = {Strait watchers behind the screen},
  author = {Hu, Yue and He, Danna and Lin, Kuo},
  date = {2024-05-11},
  location = {深圳},
  eventtitle = {第六届中国政治传播研究学术论坛},
  langid = {chinese}
}

@inproceedings{HuEtAl2024b,
  title = {Personality and Civic Quality in Political Discussions: A Psychologial Analysis of Chinese Data},
  author = {Hu, Yue and He, Danna and Lin, Kuo},
  date = {2024-08-26},
  location = {清华大学},
  eventtitle = {第一届计算政治学论坛}
}

@inproceedings{HuEtAl2024c,
  title = {Personality and Civic Quality in Political Discussions: A Psychologial Analysis of Chinese Data},
  author = {Hu, Yue and He, Danna and Lin, Kuo},
  date = {2024-08-24},
  location = {南京大学},
  eventtitle = {第十二届``政治文化、心理与行为研究''工作坊}
}

@inproceedings{HuEtAl2025,
  title = {On 'janitor Work' in Political Science: Best Practices for Wrangling Data before Harmonization},
  author = {Hu, Yue and Tai, Yuehong 'Cassandra' and Solt, Fredrick},
  date = {2025-02-28},
  publisher = {{PS: Political Science and Politics}},
  eventtitle = {Data Harmonization Workshop},
  langid = {english}
}

@inproceedings{HuJiang2022,
  title = {Response to Response: An Experimental Study of How Online Political Experience Influences Online and Offline Political Engagement},
  author = {Hu, Yue and Jiang, Qiaolei},
  date = {2022-04-08},
  location = {Chicago, IL.},
  eventtitle = {The 80th Annual Midwest Political Science Conference},
  langid = {american}
}

@inproceedings{HuSha2025,
  title = {How Chinese Netizens View Public Servants},
  author = {Hu, Yue and Sha, Fan},
  date = {2025-01-18},
  location = {Chinese University of Hong Kong},
  eventtitle = {The 3rd International Conference of Computational Social Science}
}

@inproceedings{HuSolt2024,
  title = {Macrointerest across countries},
  author = {Hu, Yue and Solt, Fredrick},
  date = {2024-06-21},
  location = {吉林},
  eventtitle = {第十四届比较政治学论坛},
  langid = {chinese}
}

@inproceedings{HuSolt2024a,
  title = {Macrointerest across Countries},
  author = {Hu, Yue and Solt, Fredrick},
  date = {2024-06-21},
  location = {Shenzhen},
  eventtitle = {International Conference on China's Development and Governance at 75},
  langid = {american}
}

@inproceedings{HuTang2016a,
  title = {Measure Political Desirability: An Experimental Method},
  author = {Hu, Yue and Tang, Wenfang},
  date = {2016-10},
  location = {Monterey, California},
  copyright = {All rights reserved},
  eventtitle = {The 30nd Association of Chinese Political Studies (ACPS) Annual Meeting},
  langid = {american},
  timestamp = {2020-09-05T10:13:57Z}
}

@inproceedings{HuYe2024,
  title = {Microfoundation of Inequality and Redistribution: Evidence from China},
  author = {Hu, Yue and Ye, Xinyi},
  date = {2024},
  location = {Philadelphia},
  eventtitle = {120th American Political Science Association Annual Meeting \& Exhibition},
  langid = {american}
}

@inproceedings{HuYe2024a,
  title = {Microfoundation of Inequality and Redistribution: Experimental Evidence from China},
  author = {Hu, Yue and Ye, Xinyi},
  date = {2024-09-07},
  location = {Philadelphia, PA},
  eventtitle = {The 120th APSA Annual Meeting},
  langid = {english}
}

@inproceedings{HuYue2019a,
  title = {新型城镇化中的语言治理：个体、群体与国家},
  author = {{胡悦}},
  date = {2019-11},
  location = {北京},
  eventtitle = {第六届``政治科学前沿理论与方法''论坛},
  langid = {chinese},
  timestamp = {2020-02-25T18:11:39Z}
}

@inproceedings{HuYue2019b,
  title = {数据可视化与反p-hacking：以政治科学研究为例},
  author = {{胡悦}},
  date = {2019-05},
  location = {北京},
  eventtitle = {中国R会议},
  langid = {chinese},
  timestamp = {2020-04-02T02:34:43Z}
}

@inproceedings{HuYue2019c,
  title = {新型城镇化中的语言治理},
  author = {{胡悦}},
  date = {2019-11-30},
  location = {北京},
  eventtitle = {第六届政治科学前言理论与方法论坛},
  langid = {chinese}
}

@inproceedings{HuYue2022,
  title = {跨时空舆论意涵提取与比较},
  author = {{胡悦}},
  date = {2022-08-19},
  location = {北京},
  eventtitle = {全国社会媒体处理大会前沿技术讲习班},
  langid = {chinese}
}

@inproceedings{HuYue2022d,
  title = {Identity activation in chinese courts: a political-psychological explanation},
  author = {{胡悦}},
  date = {2022-12-10},
  location = {北京},
  eventtitle = {全国计算社会科学高端论坛},
  langid = {chinese}
}

@inproceedings{HuYue2023a,
  title = {民主与民意：144国33年贯通比较},
  author = {{胡悦}},
  date = {2023-12-02},
  location = {北京},
  eventtitle = {清华大学政治学系第八届跨代对话},
  langid = {chinese}
}

@inproceedings{HuYue2023b,
  title = {新文科人才培养的清华经验},
  author = {{胡悦}},
  date = {2023-06-03},
  location = {吉林大学},
  eventtitle = {吉林大学行政学院政治学类本科专业建设与人才培养研讨会},
  langid = {chinese}
}

@inproceedings{HuYue2023e,
  title = {How past win affects today's fight},
  author = {{胡悦}},
  date = {2023-11-25},
  location = {北京},
  eventtitle = {第九届政治科学前沿理论与方法论坛},
  langid = {chinese}
}

@inproceedings{HuYue2023m,
  title = {基层非正规经济行为感知现状及其影响},
  author = {{胡悦}},
  date = {2023-11-11},
  location = {广州},
  eventtitle = {第三届廉政与治理工作坊},
  langid = {chinese}
}

@inproceedings{HuYue2023n,
  title = {基层腐败治理的民心导向与结构差异},
  author = {{胡悦}},
  date = {2023-10-29},
  location = {天津},
  eventtitle = {城市治理与政治发展学术论坛},
  langid = {chinese}
}

@inproceedings{HuYue2023o,
  title = {Efficacy and response to response},
  author = {{胡悦}},
  date = {2023-05-13},
  location = {北京},
  eventtitle = {第五届中国政治传播学术论坛},
  langid = {chinese}
}

@inproceedings{HuYue2024g,
  title = {新文科人才培养目标、挑战与尝试},
  author = {{胡悦}},
  date = {2024-01-06},
  location = {北京},
  eventtitle = {第七届政治学与国际关系教学共同体年会}
}

@inproceedings{HuYue2024h,
  title = {政治学方法演进与学科发展},
  author = {{胡悦}},
  date = {2024-05-17},
  location = {吉林},
  eventtitle = {政治学一流学科建设论坛},
  langid = {chinese}
}

@inproceedings{HuYueEtAl2021,
  title = {扣动公心之弦：公共服务动机激发机制的实验研究},
  author = {{胡悦} and {孙宇飞} and {陈子怡}},
  date = {2021-06-19},
  location = {北京},
  eventtitle = {北京青年政治学论坛},
  langid = {chinese}
}

@inproceedings{HuYueEtAl2021a,
  title = {Diverse loyalty: Psychological paths of mass response to political news},
  author = {{胡悦} and {孙宇飞} and {苏毓淞}},
  date = {2021-05-15},
  location = {北京},
  eventtitle = {第四届中国政治传播研究学术论坛},
  langid = {chinese}
}

@inproceedings{HuYueEtAl2023,
  title = {Leaders on court},
  author = {{胡悦} and {于晓虹} and {舒怡}},
  date = {2023-11-19},
  location = {北京},
  eventtitle = {第十二届北京青年政治学论坛},
  langid = {chinese}
}

@inproceedings{HuYueEtAl2023a,
  title = {Beyond righteousness},
  author = {{胡悦} and {陈子怡} and {孙宇飞}},
  date = {2023-09-16},
  location = {广州},
  eventtitle = {行为公共管理前沿研究工作坊},
  langid = {chinese}
}

@inproceedings{HuYueEtAl2023b,
  title = {Who cares about taiwan},
  author = {{胡悦} and {尹靖惠} and {孙宇飞}},
  date = {2023-09-02},
  location = {北京},
  eventtitle = {中流文教基金会两岸学术论坛: Who cares about Taiwan},
  langid = {chinese}
}

@inproceedings{HuYueEtAl2023c,
  title = {Leaders on court: Identity (intersectionality) politics in jucial decisions},
  author = {{胡悦} and {于晓虹} and {舒怡}},
  date = {2023-11-19},
  eventtitle = {第五届中国计算社会科学论坛},
  langid = {chinese}
}

@inproceedings{HuYueEtAl2024,
  title = {Personality and Civic Quality in Political Discussions},
  author = {{胡悦} and {何丹娜} and {林阔}},
  date = {2024-08-26},
  location = {清华大学},
  eventtitle = {第二届清华大学-中流文教基金会两岸学术研讨活动}
}

@inproceedings{HuYueShaFan2024a,
  title = {网络``公务员话语''的多重结构与认知逻辑},
  author = {{胡悦} and {沙凡}},
  date = {2024-11-30},
  location = {天津},
  eventtitle = {第六届全国计算社会科学论坛},
  langid = {chinese},
  file = {D:\zotero_system\storage\EA78484V\ 胡悦沙凡2024_网络“公务员话语”的多重结构与认知逻辑.pdf}
}

@inproceedings{HuYueShaFan2025,
  title = {网络``公务员话语''的多重结构与认知逻辑},
  author = {{胡悦} and {沙凡}},
  date = {2025-01-18},
  location = {香港中文大学},
  eventtitle = {第三届计算社会科学国际会议}
}

@inproceedings{HuYueWangXiang2023,
  title = {约束与包容：基于大数据的司法治理研究},
  author = {{胡悦} and {王翔}},
  date = {2023-06-27},
  location = {北京},
  eventtitle = {北大国发院法律政治经济学工作坊},
  langid = {chinese}
}

@inproceedings{HuYueWangXiang2023a,
  title = {约束与包容},
  author = {{胡悦} and {王翔}},
  date = {2023-08-26},
  location = {南京},
  eventtitle = {``政治文化、心理与行为研究''工作坊},
  langid = {chinese}
}

@inproceedings{HuYueXingYiFei2024,
  title = {新型城镇化中的老市民及其行为治理挑战},
  author = {{胡悦} and {邢羿飞}},
  date = {2024-10-17},
  location = {山东大学政治与公共管理学院},
  issue = {第三届城市治理与政治发展学术会议}
}

@inproceedings{HuYueXingYiFei2024a,
  title = {新型城镇化中的老市民及其行为治理挑战},
  author = {{胡悦} and {邢羿飞}},
  date = {2024-11-30},
  location = {华中师范大学公共管理学院},
  issue = {第五届理解中国公共政策工作坊}
}

@inproceedings{HuYueYeXinYi2024,
  title = {不平等与再分配的微观基础：中国的实验证据},
  author = {{胡悦} and {叶欣仪}},
  date = {2024-11-23},
  location = {西南交通大学},
  eventtitle = {第五届公共管理峨眉论坛}
}

@inproceedings{HuYueZhuMeng2021,
  title = {语言政策场域：外语习得对政治效能塑造机制研究},
  author = {{胡悦} and {朱萌}},
  date = {2021-07-05},
  publisher = {清华大学},
  location = {北京},
  eventtitle = {政治学与国际关系学术共同体会议},
  langid = {chinese}
}

@inproceedings{JiangQiaoLeiHuYue2020,
  title = {青少年饭圈身份认同与集体行动: 基于观察与实验数据的实证考察},
  author = {{蒋俏蕾} and {胡悦}},
  date = {2020-11},
  location = {腾讯会议},
  eventtitle = {中国心理学会},
  langid = {chinese},
  timestamp = {2021-01-16T09:05:38Z}
}

@inproceedings{JinEtAl2020,
  title = {How inequality affects political trust: a mediation analysis},
  author = {Jin, Shuai and Hu, Yue and Meng, Tianguang},
  date = {2020-10},
  location = {腾讯会议},
  eventtitle = {``中国政治 新锐研究'' 学术研讨会},
  langid = {chinese},
  timestamp = {2021-01-16T09:05:32Z}
}

@inproceedings{JinShuaiEtAl2021,
  title = {经济不平等如何影响政治信任},
  author = {{金帅} and {胡悦} and {Tianguang Meng}},
  date = {2021-10-14},
  location = {黄岩},
  eventtitle = {文心清华{$\cdot$}黄岩讲坛},
  langid = {chinese}
}

@inproceedings{PizziHu2019,
  title = {Are Strict Rules a Deterrent? Political Restrictions and Migration in China},
  author = {Pizzi, Elise and Hu, Yue},
  date = {2019-08},
  location = {Washington D.C.},
  eventtitle = {American Political Science Association's 2019 Annual Meeting and Exhibition (APSA)},
  langid = {american},
  timestamp = {2020-04-22T06:48:06Z}
}

@inproceedings{TaiEtAl2021,
  title = {Democracy, Public Support, and Measurement Uncertainty},
  author = {Tai, Yuehong and Hu, Yue and Frederick, Solt},
  date = {2021-01},
  publisher = {The Society of Political Methods},
  location = {Zoom},
  eventtitle = {AsianPolmeth VIII \& ASQPS IX},
  langid = {american},
  timestamp = {2021-01-16T09:08:48Z}
}

@inproceedings{TangHu2018,
  title = {Informal Economic Behavior and Authoritarian Regime Instability},
  author = {Tang, Wenfang and Hu, Yue},
  date = {2018-06},
  location = {Shanghai},
  eventtitle = {Workshop on Chinese Politics and Society},
  langid = {american},
  timestamp = {2020-04-22T06:48:42Z}
}
