@unpublished{Hu2018c,
  type = {Invited talk},
  title = {Political Science in the Laboratory: The Case of Language Politics Experiments},
  author = {Hu, Yue},
  date = {2018-12-04},
  eventtitle = {Lecture Series on Research Methods in Political Science},
  venue = {East China Normal University}
}

@unpublished{Hu2021,
  type = {Invited talk},
  title = {Cross-survey analysis and dynamic comparative public opinion},
  author = {Hu, Yue},
  date = {2021-06-10},
  eventtitle = {Data Science Research Center Series Lectures},
  langid = {chinese},
  venue = {Renmin University of China}
}

@unpublished{Hu2021b,
  type = {Invited talk},
  title = {Does Governmental Policy Shape Migration Decisions?},
  author = {Hu, Yue},
  date = {2021-05-27},
  eventtitle = {CIDEG Talk Series},
  langid = {american},
  venue = {Tsinghua University}
}

@unpublished{Hu2021c,
  type = {Invited talk},
  title = {Experimental politics: 'What, why, and how.'},
  author = {Hu, Yue},
  date = {2021-10-08},
  eventtitle = {Political Method Workshop},
  langid = {chinese},
  venue = {China Agricultural University}
}

@unpublished{Hu2021d,
  type = {Invited talk},
  title = {Intro to Computer-Assistant Content Analysis},
  author = {Hu, Yue},
  date = {2021-07-24},
  eventtitle = {Fu Xuancong Lecture Series 24},
  venue = {College of Humanities and Social Science, Tsinghua University}
}

@unpublished{Hu2021e,
  type = {Invited talk},
  title = {Constructing China's National Image from the Perspective of Big Data},
  author = {Hu, Yue},
  date = {2021-12-08},
  eventtitle = {The 13th Political Science Academic Salon},
  venue = {School of International Relations, Beijing Foreign Studies University}
}

@unpublished{Hu2022,
  type = {Invited talk},
  title = {Active Audience of Memory: How Past Collective Wins Change Present Political Judgements},
  author = {Hu, Yue},
  date = {2022-10-21},
  eventtitle = {Political Science Speaker Series},
  langid = {american},
  venue = {Online}
}

@unpublished{Hu2022b,
  type = {Invited talk},
  title = {The resistance and resilience of national image building},
  author = {Hu, Yue},
  date = {2022-05-26},
  eventtitle = {"Youth in Politics" Bi-weekly Workshop},
  langid = {chinese},
  venue = {Communication University of China}
}

@unpublished{Hu2022c,
  type = {Invited talk},
  title = {From numbers to texts: Principles and pathways of computer-assisted content analysis},
  author = {Hu, Yue},
  date = {2022-05-26},
  eventtitle = {Yuyuan Humanities Lecture Series (Digital Humanities Forum)},
  langid = {chinese},
  venue = {Beijing University of Posts and Telecommunications}
}

@unpublished{Hu2022d,
  type = {Invited talk},
  title = {Exploring public mindsets through scientific methods},
  author = {Hu, Yue},
  date = {2022-11-02},
  eventtitle = {Special Lecture on Language Applications},
  langid = {chinese},
  venue = {Institute of Language Use, Ministry of Education}
}

@unpublished{Hu2022e,
  type = {Invited talk},
  title = {The application of big data in research on national image building},
  author = {Hu, Yue},
  date = {2022-05-21},
  eventtitle = {Academic Monthly Lecture Series, School of International and Public Affairs},
  langid = {chinese},
  venue = {Shanghai Jiao Tong University}
}

@unpublished{Hu2022f,
  type = {Invited talk},
  title = {Exploring political mindsets},
  author = {Hu, Yue},
  date = {2022-12-15},
  eventtitle = {Rixin College Academic Romance {$\cdot$} Jing Hong Series},
  langid = {chinese},
  venue = {Tsinghua University}
}

@unpublished{Hu2022g,
  type = {Invited talk},
  title = {Memory activation and public perception},
  author = {Hu, Yue},
  date = {2022-11-23},
  eventtitle = {Young Scholars Salon on National Affairs},
  langid = {chinese},
  venue = {Shanghai Jiao Tong University}
}

@unpublished{Hu2022h,
  type = {Invited talk},
  title = {Item response theory and temporal-spatial comparison of political attitudes},
  author = {Hu, Yue},
  date = {2022-08-07},
  eventtitle = {Frontier Series on Political Science and Methodology},
  langid = {chinese},
  venue = {Nanjing University}
}

@unpublished{Hu2022i,
  type = {Invited talk},
  title = {Active Audience of Memory: How Past Collective Wins Change Present Political Judgements},
  author = {Hu, Yue},
  date = {2022-10-21},
  eventtitle = {Political Science Speaker Series},
  langid = {american},
  venue = {Online}
}

@unpublished{Hu2023c,
  type = {Workshop},
  title = {Quantitative Text Analysis: Unveiling the Power of Words},
  author = {Hu, Yue},
  date = {2023-06-12},
  eventtitle = {CLASS Advanced Method School},
  langid = {american},
  venue = {City University of Hong Kong}
}

@unpublished{Hu2023d,
  type = {Invited talk},
  title = {Beyond righteousness: An experimental study of the peer motivation effects in collaborative production},
  author = {Hu, Yue},
  date = {2023-11-30},
  eventtitle = {Emerging Scholars in Politics Lecture},
  langid = {chinese},
  venue = {Shandong University}
}

@unpublished{Hu2023e,
  type = {Invited talk},
  title = {Efficacy and response to response: How experience shapes preferences and expectations in low-level political involvements},
  author = {Hu, Yue},
  date = {2023-04-27},
  eventtitle = {the 100th Anniversary Lecture Series of the Department of Political Science, Zhou Enlai School of Government},
  langid = {chinese},
  venue = {Nankai University}
}

@unpublished{Hu2023f,
  type = {Invited talk},
  title = {Who is watching xinwen lianbo and why},
  author = {Hu, Yue},
  date = {2023-09-15},
  eventtitle = {Department of Publid Management},
  langid = {chinese},
  venue = {South China Normal University}
}

@unpublished{Hu2023g,
  type = {Invited talk},
  title = {Why economic inequality unidermines political trust},
  author = {Hu, Yue},
  date = {2023-05-24},
  eventtitle = {Social Research Center Series Lectures, Guanghua School of Management},
  langid = {chinese},
  venue = {Peking University}
}

@unpublished{Hu2023h,
  type = {Speech},
  title = {Innovations in the era of fengqiao experience},
  author = {Hu, Yue},
  date = {2023-04-08},
  eventtitle = {National New Era "Fengqiao Experience" Case Collection Beijing Conference},
  langid = {chinese},
  venue = {Beijing}
}

@unpublished{Hu2023i,
  type = {Invited talk},
  title = {Social science experimental research methods: From principles to practice},
  author = {Hu, Yue},
  date = {2023-11-10},
  eventtitle = {Nangou Lecture Series},
  langid = {chinese},
  venue = {Guangzhou University}
}

@unpublished{Hu2023j,
  type = {Invited talk},
  title = {Computational social science},
  author = {Hu, Yue},
  date = {2023-05-18},
  eventtitle = {Spark Tea Talk},
  langid = {chinese},
  venue = {Tsinghua University}
}

@misc{Hu2023k,
  title = {Exploring Politics with Experiments},
  namea = {Hu, Yue},
  nameatype = {collaborator},
  date = {2023-06-10},
  langid = {chinese}
}

@unpublished{Hu2024,
  type = {Invited talk},
  title = {Official Language Shapes Political Minds?},
  author = {Hu, Yue},
  date = {2024-04-19},
  eventtitle = {Department of Government and Public Administration},
  langid = {american},
  venue = {University of Macau},
  file = {D:\zotero_system\storage\XJXLJQCF\图片_20250225080253.jpg}
}

@unpublished{Hu2024a,
  type = {Invited talk},
  title = {Why materializing patriotism},
  author = {Hu, Yue},
  date = {2024-05-30},
  eventtitle = {Political Science Research Workshop},
  langid = {chinese},
  venue = {Nanjing University}
}

@unpublished{Hu2024b,
  type = {Speech},
  title = {'Ego-centric' and 'when in rome, do as the romans do.'},
  author = {Hu, Yue},
  date = {2024-06-25},
  eventtitle = {Guangming Academic Workshop},
  langid = {chinese},
  venue = {China University of Political Science and Law}
}

@unpublished{Hu2024c,
  type = {Invited talk},
  title = {Official language fields},
  author = {Hu, Yue},
  date = {2024-06-19},
  eventtitle = {Sirpa REsearch Design Workshop},
  langid = {chinese},
  venue = {Fudan University}
}

@unpublished{Hu2024d,
  type = {Invited talk},
  title = {Principles and practices of text analysis},
  author = {Hu, Yue},
  date = {2024-06-20},
  eventtitle = {Contemporary Chinese Political Development Forum Lecture Series},
  langid = {chinese},
  venue = {Shenzhen University}
}

@unpublished{Hu2024e,
  type = {Invited talk},
  title = {The efficacy and mechanisms of cognitive governance in language policy},
  author = {Hu, Yue},
  date = {2024-04-11},
  eventtitle = {Lun Dao Eminent Scholars Forum},
  langid = {chinese},
  venue = {Nanjing Normal University}
}

@unpublished{Hu2024f,
  type = {Workshop},
  title = {Analyzing soft power through hard data: Research design for latent variables in international relations},
  author = {Hu, Yue},
  date = {2024-07-05},
  eventtitle = {Tsinghua Seminar on Theoretical Innovation in International Relations},
  langid = {chinese},
  venue = {Beijing}
}

@unpublished{Hu2024g,
  type = {Invited talk},
  title = {Engaging with the international: 'Integration' and 'agency' in academic writing in english},
  author = {Hu, Yue},
  date = {2024-07-18},
  eventtitle = {Luming Forum (Teaching workshop)},
  langid = {chinese},
  venue = {Lanzhou University}
}

@unpublished{Hu2024h,
  type = {Invited talk},
  title = {Distant reading: Principles and applications of text data analysis},
  author = {Hu, Yue},
  date = {2024-07-17},
  eventtitle = {Luming Forum (Zhengguo Series)},
  langid = {chinese},
  venue = {Lanzhou University}
}

@unpublished{Hu2024i,
  type = {Invited talk},
  title = {Official Language Shapes Political Minds?},
  author = {Hu, Yue},
  date = {2024-04-19},
  langid = {american},
  venue = {University of Macau}
}

@unpublished{Hu2024j,
  type = {Invited talk},
  title = {Why Economic Inequality Undermines Political Trust: An Analysis of Mechanisms},
  author = {Hu, Yue},
  date = {2024-09-27},
  eventtitle = {Deng Chumin Guess Lecture Series},
  langid = {chinese},
  venue = {Shanxi University}
}

@unpublished{Hu2024k,
  type = {Lecture},
  title = {Advanced Text Analysis},
  author = {Hu, Yue},
  date = {2024-09-12},
  eventtitle = {The 10th Summer School on Social Science Research Methods, School of International and Public Affairs},
  venue = {Shanghai Jiao Tong University}
}

@unpublished{Hu2024l,
  type = {Invited talk},
  title = {The Networked Nature of Political Communication and Its Multiple Structures and Cognitive Logic},
  author = {Hu, Yue},
  date = {2024-11-29},
  eventtitle = {Frontiers of Journalism and Communication Lecture},
  langid = {american},
  venue = {School of Journalism and Communication, Tsinghua University}
}

@unpublished{Hu2025b,
  type = {Invited talk},
  title = {Personality and Civic Quality in an Online Society: A Psychological Analysis of Political Discussion in Chinese Social Media},
  author = {Hu, Yue},
  date = {2025-01-17},
  eventtitle = {Computational Political Science Talks 1+1},
  langid = {english},
  venue = {University of Hong Kong}
}

@unpublished{HuYue2018a,
  type = {特邀讲座},
  title = {实验室内的政治学------以语言政治实验为例},
  author = {{胡悦}},
  date = {2018-12-04},
  eventtitle = {政治科学研究方法系列},
  venue = {华东师范大学}
}

@unpublished{HuYue2021a,
  type = {特邀讲座},
  title = {实验政治学的`能{$\cdot$}好{$\cdot$}怎'},
  author = {{胡悦}},
  date = {2021-10-08},
  langid = {chinese},
  venue = {中国农业大学}
}

@unpublished{HuYue2021b,
  type = {特邀讲座},
  title = {Cross-survey analysis and dynamic comparative public opinion},
  author = {{胡悦}},
  date = {2021-06-10},
  eventtitle = {数据科学研究中心系列讲座},
  langid = {chinese},
  venue = {中国人民大学}
}

@unpublished{HuYue2021c,
  type = {特邀讲座},
  title = {人口流动决策的心理机制与政策影响},
  author = {{胡悦}},
  date = {2021-05-27},
  eventtitle = {公共管理学院CIDEG系列讲座},
  langid = {american},
  venue = {清华大学}
}

@unpublished{HuYue2021e,
  type = {特邀讲座},
  title = {计算机辅助文本分析概论},
  author = {{胡悦}},
  date = {2021-07-24},
  eventtitle = {傅璇琮学术讲座24},
  venue = {清华大学人文学院}
}

@unpublished{HuYue2021f,
  type = {特邀讲座},
  title = {大数据视角下的中国国家形象建设},
  author = {{胡悦}},
  date = {2021-12-08},
  eventtitle = {第13期政治学学术沙龙},
  venue = {北京外国语大学国际关系学院}
}

@unpublished{HuYue2022a,
  type = {特邀讲座},
  title = {大数据在国家形象建设研究中的应用},
  author = {{胡悦}},
  date = {2022-05-21},
  eventtitle = {国务学院学术月讲座系列},
  langid = {chinese},
  venue = {上海交通大学}
}

@unpublished{HuYue2022b,
  type = {特邀讲座},
  title = {以科学方法探知民心},
  author = {{胡悦}},
  date = {2022-11-02},
  eventtitle = {语言应用专题讲座},
  langid = {chinese},
  venue = {教育部语用所}
}

@unpublished{HuYue2022c,
  type = {特邀讲座},
  title = {项目反应理论与政治态度跨时空比较},
  author = {{胡悦}},
  date = {2022-08-07},
  eventtitle = {政治科学与方法前沿系列讲座},
  langid = {chinese},
  venue = {南京大学}
}

@unpublished{HuYue2022e,
  type = {特邀讲座},
  title = {比较人心},
  author = {{胡悦}},
  date = {2022-12-15},
  eventtitle = {日新学院学术浪漫{$\cdot$}惊鸿系列},
  langid = {chinese},
  venue = {清华大学}
}

@unpublished{HuYue2022f,
  type = {特邀讲座},
  title = {记忆激活与公众认知},
  author = {{胡悦}},
  date = {2022-11-23},
  eventtitle = {国是青年学者沙龙},
  langid = {chinese},
  venue = {上海交通大学}
}

@unpublished{HuYue2022h,
  type = {特邀讲座},
  title = {The resistance and resilience of national image building},
  author = {{胡悦}},
  date = {2022-05-26},
  eventtitle = {``政青年''双周工作坊},
  langid = {chinese},
  venue = {中国传媒大学}
}

@unpublished{HuYue2022i,
  type = {特邀讲座},
  title = {以数知文：计算机辅助内容分析原则与路径},
  author = {{胡悦}},
  date = {2022-05-26},
  eventtitle = {邮苑人文讲座系列},
  langid = {chinese},
  venue = {北京邮电大学}
}

@unpublished{HuYue2022k,
  type = {特邀讲座},
  title = {Breaking Through the Linguistic Barrier: The Role of Language Policy in Migration Decisions},
  author = {{胡悦}},
  date = {2022-05-18},
  eventtitle = {量化公共政策深度研讨工作坊第7期},
  venue = {中国人民大学首都发展与战略研究院}
}

@unpublished{HuYue2023c,
  type = {主题演讲},
  title = {枫桥经验时代创新},
  author = {{胡悦}},
  date = {2023-04-08},
  eventtitle = {全国新时代``枫桥经验''案例征集北京发布会},
  langid = {chinese},
  venue = {北京}
}

@unpublished{HuYue2023d,
  type = {专题讲座},
  ids = {HuYue2023h},
  title = {Efficacy and Response to Response: How Experience Shapes Preferences and Expectations in Low-Level Political Involvements},
  author = {{胡悦}},
  date = {2023-04-27},
  eventtitle = {周恩来政府管理学院政治学系建系一百周年系列讲座之``翔宇青年学者论坛},
  venue = {南开大学}
}

@unpublished{HuYue2023f,
  type = {特邀讲座},
  title = {道德之外：协同生产同侪激励效应的实验研究},
  author = {{胡悦}},
  date = {2023-11-30},
  eventtitle = {政治学新锐讲座},
  langid = {chinese},
  venue = {山东大学}
}

@unpublished{HuYue2023g,
  type = {专题讲座},
  ids = {HuYue2023p},
  title = {Why Economic Inequality Unidermines Political Trust},
  author = {{胡悦}},
  date = {2023-05-24},
  eventtitle = {光华管理学院社会研究中心系列讲座},
  venue = {北京大学}
}

@unpublished{HuYue2023i,
  type = {特邀讲座},
  title = {计算{$\cdot$}社会科学},
  author = {{胡悦}},
  date = {2023-05-18},
  eventtitle = {星火茶话会},
  langid = {chinese},
  venue = {清华大学}
}

@unpublished{HuYue2023j,
  type = {特邀讲座},
  title = {社会科学试验研究方法：从原理到实践},
  author = {{胡悦}},
  date = {2023-11-10},
  eventtitle = {南国讲堂},
  langid = {chinese},
  venue = {广州大学}
}

@unpublished{HuYue2023k,
  type = {特邀讲座},
  title = {Who is watching xinwen lianbo and why},
  author = {{胡悦}},
  date = {2023-09-15},
  langid = {chinese},
  venue = {华南师范大学}
}

@misc{HuYue2023p,
  title = {如何用实验探索政治},
  namea = {{胡悦}},
  nameatype = {collaborator},
  date = {2023-06-10},
  langid = {chinese}
}

@unpublished{HuYue2024a,
  type = {特邀讲座},
  title = {语言政策的认知治理效能与机制研究},
  author = {{胡悦}},
  date = {2024-04-11},
  eventtitle = {论道{$\cdot$}名家讲坛},
  langid = {chinese},
  venue = {南京师范大学}
}

@unpublished{HuYue2024b,
  type = {特邀讲座},
  title = {解码爱国主义教育基地：历史、文化与地方发展},
  author = {{胡悦}},
  date = {2024-05-30},
  eventtitle = {政治学研究工作坊},
  langid = {chinese},
  venue = {南京大学}
}

@unpublished{HuYue2024c,
  type = {特邀讲座},
  title = {官方语言场域},
  author = {{胡悦}},
  date = {2024-06-19},
  eventtitle = {士派工作坊},
  langid = {chinese},
  venue = {复旦大学}
}

@unpublished{HuYue2024d,
  type = {特邀讲座},
  title = {远读：文本的数据分析原则与应用},
  author = {{胡悦}},
  date = {2024-07-17},
  eventtitle = {鹿鸣讲堂``教学工作坊''},
  langid = {chinese},
  venue = {兰州大学政治与国际关系学院}
}

@unpublished{HuYue2024e,
  type = {主题演讲},
  title = {"以我为主''与``入乡随俗''},
  author = {{胡悦}},
  date = {2024-06-25},
  eventtitle = {光明学术工作坊},
  langid = {chinese},
  venue = {中国政法大学}
}

@unpublished{HuYue2024f,
  type = {Workshop},
  title = {硬数据解析软实力：国际关系中的潜变量研究设计},
  author = {{胡悦}},
  date = {2024-07-05},
  eventtitle = {清华大学第八届``国际关系理论创新研讨班''},
  langid = {chinese},
  venue = {北京}
}

@unpublished{HuYue2024i,
  type = {特邀讲座},
  title = {文本分析原理与实践},
  author = {{胡悦}},
  date = {2024-06-20},
  eventtitle = {当代中国政治发展论坛系列讲座},
  langid = {chinese},
  venue = {深圳大学}
}

@unpublished{HuYue2024j,
  type = {专题讲座},
  title = {与国际对话：英文学术创作中的``融入''与``能动''},
  author = {{胡悦}},
  date = {2024-07-18},
  eventtitle = {鹿鸣讲堂``政国''系列},
  langid = {chinese},
  venue = {兰州大学政治与国际关系学院}
}

@unpublished{HuYue2024k,
  type = {特邀讲座},
  title = {从不平等到不信任：经济失衡的认知效应研究},
  author = {{胡悦}},
  date = {2024-09-27},
  eventtitle = {邓初民讲堂},
  langid = {chinese},
  venue = {山西大学政治与公共管理学院}
}

@unpublished{HuYue2024l,
  type = {Lecture},
  title = {文本分析进阶},
  author = {{胡悦}},
  date = {2024-09-12},
  eventtitle = {国际与公共事务学院第十届``暑期社会科学方法班''},
  venue = {上海交通大学}
}

@unpublished{HuYue2024m,
  type = {特邀讲座},
  title = {政治传播网络化与的多重结构与认知逻辑},
  author = {{胡悦}},
  date = {2024-11-29},
  eventtitle = {新闻与传播前沿讲座},
  langid = {chinese},
  venue = {清华大学新闻与传播学院}
}

@unpublished{HuYue2025,
  type = {专题讲座},
  title = {Personality and Civic Quality in an Online Society: A Psychological Analysis of Political Discussion in Chinese Social Media},
  author = {{胡悦}},
  date = {2025-01-17},
  eventtitle = {Computational Political Science Talks 1+1},
  langid = {english},
  venue = {香港中文大学},
  file = {D:\zotero_system\storage\BXPHW4XW\图片_20250224095720.jpg}
}

@unpublished{HuYue2025a,
  type = {Invited talk},
  title = {How Chinese Netizens View Public Servants},
  author = {{胡悦}},
  date = {2025-01-19},
  eventtitle = {Yanhu Political Management Youth Forum},
  langid = {cn},
  venue = {South China Normal University},
  file = {D:\zotero_system\storage\3ZQENMPE\78e1d2dc5ee52f05eeccfa627168786.jpg}
}

@unpublished{HuYue2025b,
  type = {专题讲座},
  title = {网络公务员话语的多重结构与表达逻辑},
  author = {{胡悦}},
  date = {2025-01-19},
  eventtitle = {砚湖政管青年论坛},
  venue = {华南师范大学}
}
