@unpublished{HuYue2021a,
  type = {特邀讲座},
  title = {实验政治学的`能{$\cdot$}好{$\cdot$}怎'},
  author = {{胡悦}},
  date = {2021-10-08},
  langid = {chinese},
  venue = {中国农业大学}
}

@unpublished{HuYue2021b,
  type = {特邀讲座},
  title = {Cross-Survey Analysis and Dynamic Comparative Public Opinion},
  author = {{胡悦}},
  date = {2021-06-10},
  eventtitle = {数据科学研究中心系列讲座},
  langid = {chinese},
  venue = {中国人民大学}
}

@unpublished{HuYue2021c,
  type = {特邀讲座},
  title = {Does Governmental Policy Shape Migration Decisions?},
  author = {{胡悦}},
  date = {2021-05-27},
  eventtitle = {公共管理学院CIDEG系列讲座},
  langid = {american},
  venue = {清华大学}
}

@unpublished{HuYue2022a,
  type = {特邀讲座},
  title = {大数据在国家形象建设研究中的应用},
  author = {{胡悦}},
  date = {2022-05-21},
  eventtitle = {国务学院学术月讲座系列},
  langid = {chinese},
  venue = {上海交通大学}
}

@unpublished{HuYue2022b,
  type = {特邀讲座},
  title = {以科学方法探知民心},
  author = {{胡悦}},
  date = {2022-11-02},
  eventtitle = {语言应用专题讲座},
  langid = {chinese},
  venue = {教育部语用所}
}

@unpublished{HuYue2022c,
  type = {特邀讲座},
  title = {项目反应理论与政治态度跨时空比较},
  author = {{胡悦}},
  date = {2022-08-07},
  eventtitle = {政治科学与方法前沿系列讲座},
  langid = {chinese},
  venue = {南京大学}
}

@unpublished{HuYue2022e,
  type = {特邀讲座},
  title = {探索人心},
  author = {{胡悦}},
  date = {2022-12-15},
  eventtitle = {日新学院学术浪漫{$\cdot$}惊 鸿系列},
  langid = {chinese},
  venue = {清华大学}
}

@unpublished{HuYue2022f,
  type = {特邀讲座},
  title = {记忆激活与公众认知},
  author = {{胡悦}},
  date = {2022-11-23},
  eventtitle = {国是青年学者沙龙},
  langid = {chinese},
  venue = {上海交通大学}
}

@unpublished{HuYue2022h,
  type = {特邀讲座},
  title = {The Resistance and Resilience of National Image Building},
  author = {{胡悦}},
  date = {2022-05-26},
  eventtitle = {``政青年''双周工作坊},
  langid = {chinese},
  venue = {中国传媒大学}
}

@unpublished{HuYue2023c,
  type = {主题演讲},
  title = {枫桥经验时代创新},
  author = {{胡悦}},
  date = {2023-04-08},
  eventtitle = {全国新时代``枫桥经验''案例征集北京发布会},
  langid = {chinese},
  venue = {北京}
}

@unpublished{HuYue2023f,
  type = {特邀讲座},
  title = {道德之外：协同生产同侪激励效应的实验研究},
  author = {{胡悦}},
  date = {2023-11-30},
  eventtitle = {政治学新锐讲座},
  langid = {chinese},
  venue = {山东大学}
}

@unpublished{HuYue2023h,
  type = {特邀讲座},
  title = {Efficacy and Response to Response: How Experience Shapes Preferences and Expectations in Low-Level Political Involvements},
  author = {{胡悦}},
  date = {2023-04-27},
  eventtitle = {周恩来政府管理学院政治学系 建系一百周年系列讲座之``翔宇青年学者论坛},
  langid = {chinese},
  venue = {南开大学}
}

@unpublished{HuYue2023i,
  type = {特邀讲座},
  title = {计算{$\cdot$}社会科学},
  author = {{胡悦}},
  date = {2023-05-18},
  eventtitle = {星火茶话会},
  langid = {chinese},
  venue = {清华大学}
}

@unpublished{HuYue2023j,
  type = {特邀讲座},
  title = {社会科学试验研究方法：从原理到实践},
  author = {{胡悦}},
  date = {2023-11-10},
  eventtitle = {南国讲堂},
  langid = {chinese},
  venue = {广州大学}
}

@unpublished{HuYue2023k,
  type = {特邀讲座},
  title = {Who is watching Xinwen Lianbo and why},
  author = {{胡悦}},
  date = {2023-09-15},
  langid = {chinese},
  venue = {华南师范大学}
}

@unpublished{HuYue2023l,
  type = {特邀讲座},
  title = {Beyond Righteousness},
  author = {{胡悦}},
  date = {2023-11-30},
  eventtitle = {政治新锐讲座},
  langid = {chinese},
  venue = {山东大学}
}

@unpublished{HuYue2024a,
  type = {特邀讲座},
  title = {语言政策的认知治理效能与机制研究},
  author = {{胡悦}},
  date = {2024-04-11},
  eventtitle = {论道{$\cdot$}名家讲坛},
  langid = {chinese},
  venue = {南京师范大学}
}

@unpublished{HuYue2024b,
  type = {特邀讲座},
  title = {Why materializing patriotism},
  author = {{胡悦}},
  date = {2024-05-30},
  eventtitle = {政治学研究工作坊},
  langid = {chinese},
  venue = {南京大学}
}

@unpublished{HuYue2024c,
  type = {特邀讲座},
  title = {官方语言场域},
  author = {{胡悦}},
  date = {2024-06-19},
  eventtitle = {士派工作坊},
  langid = {chinese},
  venue = {复旦大学}
}

@unpublished{HuYue2024d,
  type = {特邀讲座},
  title = {文本分析原理与实践},
  author = {{胡悦}},
  date = {2024-06-20},
  eventtitle = {当代中国政治发展论坛系列讲座},
  langid = {chinese},
  venue = {深圳大学}
}

@unpublished{HuYue2024e,
  type = {主题演讲},
  title = {"以我为主''与``入乡随俗''},
  author = {{胡悦}},
  date = {2024-06-25},
  eventtitle = {光明学术工作坊},
  langid = {chinese},
  venue = {中国政法大学}
}
