@unpublished{Hu2021b,
  type = {Invited talk},
  title = {Does Governmental Policy Shape Migration Decisions?},
  author = {Hu, Yue},
  date = {2021-05-27},
  eventtitle = {CIDEG Talk Series},
  langid = {american},
  venue = {Tsinghua University}
}

@unpublished{Hu2022,
  type = {Speech},
  title = {Active Audience of Memory: How Past Collective Wins Change Present Political Judgements},
  author = {Hu, Yue},
  date = {2022-10-21},
  url = {http://polisciworkshopchina.cn/},
  eventtitle = {Political Science Speaker Series},
  langid = {american},
  venue = {Online}
}

@unpublished{Hu2023c,
  type = {Workshop},
  title = {Quantitative Text Analysis: Unveiling the Power of Words},
  author = {Hu, Yue},
  date = {2023-06-12},
  eventtitle = {CLASS Advanced Method School},
  langid = {american},
  venue = {City University of Hong Kong}
}

@unpublished{Hu2024,
  type = {Speech},
  title = {Official Language Shapes Political Minds?},
  author = {Hu, Yue},
  date = {2024-04-19},
  langid = {american},
  venue = {University of Macau}
}
