@software{HuDeng2024,
  title = {Drhutools: Political Science Academic Research Gears},
  shorttitle = {Drhutools},
  author = {Hu, Yue and Deng, Wen},
  date = {2024-12-05},
  urldate = {2025-02-24},
  abstract = {Using these tools to simplify the research process of political science and other social sciences. The current version can create folder system for academic project in political science, calculate psychological trait scores, visualize experimental and spatial data, and set up color-blind palette, functions used in academic research of political psychology or political science in general.},
  version = {1.0.0}
}

@software{HuEtAl2023e,
  title = {Drhur: Learning R with Dr. Hu},
  shorttitle = {Drhur},
  author = {Hu, Yue and Ye, Xinyi and Sun, Yufei},
  date = {2023-05-17},
  urldate = {2025-02-24},
  abstract = {Tutarials of R learning easily and happily.},
  version = {1.1.0}
}

@software{HuEtAl2025c,
  title = {Regioncode: Convert Region Names and Division Codes of China Over Years},
  shorttitle = {Regioncode},
  author = {Hu, Yue and Ye, Xinyi and Qiu, Qian and Sun, Yufei and Wu, Wenquan},
  date = {2025-07-05},
  urldate = {2025-02-24},
  abstract = {A tool to conquer the difficulties to convert various region names and administration division codes of Chinese regions. The current version enables seamlessly converting Chinese regions' formal names, common-used names, and codes between each other at the city level from 1986 to 2019.},
  version = {0.2.0}
}

@software{SoltEtAl2021,
  title = {Interplot: Plot the Effects of Variables in Interaction Terms},
  shorttitle = {Interplot},
  author = {Solt, Frederick and Hu, Yue and Kenkel, Brenton},
  date = {2021-02-18},
  urldate = {2025-02-24},
  abstract = {Plots the conditional coefficients ("marginal effects") of variables included in multiplicative interaction terms.},
  version = {0.2.3}
}

@software{SoltEtAl2021a,
  title = {Pewdata: Reproducible Retrieval of Pew Research Center Datasets},
  shorttitle = {Pewdata},
  author = {Solt, Frederick and Hu, Yue and Persson, Eric},
  date = {2021-04-08},
  urldate = {2025-02-24},
  abstract = {Reproducible, programmatic retrieval of survey datasets from the Pew Research Center.},
  version = {0.3.2}
}

@software{SoltEtAl2025,
  title = {Dotwhisker: Dot-and-Whisker Plots of Regression Results},
  shorttitle = {Dotwhisker},
  author = {Solt, Frederick and Hu, Yue and Bolker, Ben and Keyes, Os and M\"uller, Stefan and Leeper, Thomas and Wallace, Chris and Warshaw, Christopher},
  date = {2025-05-06},
  urldate = {2025-02-24},
  abstract = {Create quick and easy dot-and-whisker plots of regression results. It takes as input either (1) a coefficient table in standard form or (2) one (or a list of) fitted model objects (of any type that has methods implemented in the 'parameters' package). It returns 'ggplot' objects that can be further customized using tools from the 'ggplot2' package. The package also includes helper functions for tasks such as rescaling coefficients or relabeling predictor variables. See more methodological discussion of the visualization and data management methods used in this package in Kastellec and Leoni (2007) {$<$}doi:10.1017/S1537592707072209{$>$} and Gelman (2008) {$<$}doi:10.1002/sim.3107{$>$}.},
  version = {0.8.4}
}
