
@misc{SoltHu2015,
  title = {Dotwhisker: {{Dot}}-and-{{Whisker Plots}} of {{Regression Results}}},
  author = {Solt, Frederick and Hu, Yue},
  year = {2015},
  copyright = {All rights reserved},
  howpublished = {Available at The Comprehensive R Archive Network (CRAN)}
}

@misc{SoltHu2015a,
  title = {Interplot: {{Plot}} the {{Effects}} of {{Variables}} in {{Interaction Terms}}},
  author = {Solt, Frederick and Hu, Yue},
  year = {2015},
  copyright = {All rights reserved},
  howpublished = {Available at The Comprehensive R Archive Network (CRAN)},
  keywords = {interaction}
}

@misc{SoltHu2016,
  title = {Pewdata: {{Reproducible Retrieval}} of {{Pew Research Center Datasets}}},
  author = {Solt, Frederick and Hu, Yue},
  year = {2016},
  copyright = {All rights reserved},
  howpublished = {Available at The Comprehensive R Archive Network (CRAN)}
}


